@ARTICLE{examining-predictive-policing,
	author = "Heidi Goodson and Alanna Hoyer-Leitzel",
	title = {\href{https://scholarship.claremont.edu/cgi/viewcontent.cgi?article=1846&context=jhm}{Examining the Modeling Framework
of Crime Hotspot Models in Predictive Policing}},
	journal = "Journal of Humanistic Mathematics",
	year = "2021",
	volume = "11",
	month = "July",
	publisher = "Claremont Colleges Library"
}


@ARTICLE{UCR-stats-their-proper-use,
	author = "Uniform Crime Reporting",
	title = {\href{https://ucr.fbi.gov/ucr-statistics-their-proper-use}{Uniform Crime Reporting Statistics:
	Their Proper Use}},
	year = "2017",
	month = "May"
}

@ARTICLE{police-scorecard,
	author = "Samuel Sinyangwe",
	title = {\href{https://policescorecard.org/san-diego/police-scorecard-san-diego-report.pdf}{Evaluating Policing in San Diego}}
}


@ARTICLE{large-scale-analysis-racial-disparities,
	author = "Emma Pierson et al.",
	title = {\href{https://www.nature.com/articles/s41562-020-0858-1.pdf}{A Large-Scale Analysis of Racial Disparities in Police Stops Across the United States}},
	journal = "Nature Human Behavior",
	year = "2020",
	month = "May"
}






@ARTICLE{predictive-reform,
	author = "Aaron Shapiro",
	title = {\href{https://ojs.library.queensu.ca/index.php/surveillance-and-society/article/view/10410/8735}{Predictive Policing for Reform? Indeterminacy and Intervention in Big Data Policing}}
}


@ARTICLE{predict-serve,
	author = "Kristian Lum and William Isaac",
	title = {\href{https://rss.onlinelibrary.wiley.com/doi/epdf/10.1111/j.1740-9713.2016.00960.x}{To Predict and Serve}},
	journal = "Significance",
	year = "2017",
	month = "October",
	publisher = "Royal Statistical Society"
}

@misc{website:Letter-AMS,
      author = "Tarik Aougab et al.",
      title = {\href{https://docs.google.com/forms/d/e/1FAIpQLSfdmQGrgdCBCexTrpne7KXUzpbiI9LeEtd0Am-qRFimpwuv1A/viewform}{Letter to AMS Notices: Boycott collaboration with police}},
      month = "June",
      year = "2020"
}




@ARTICLE{dirty-data,
	author = "Rashida Richardson et al.",
	title = {\href{https://heinonline.org/HOL/Page?collection=journals&handle=hein.journals/nyulro94&id=15&men_tab=srchresults}{Dirty Data, Bad Predictions: How Civil Rights Violations Impact Police Data, Predictive Policing Systems, and Justice}},
	journal = "New York University Law Review",
	year = "2019",
	month= "February",
	publisher = "HEIN Online"
}

@ARTICLE{target-disruption,
	author = "Timothy I. C. Cubitt",
	title = {\href{https://journals.sagepub.com/doi/abs/10.1177/10986111211057212?journalCode=pqxa}{Using Network Analytics to Improve Targeted Disruption of Police Misconduct}},
	journal = "Police Quarterly",
	year = "2021",
	month= "December",
	publisher = "Sage Journals"
}

@ARTICLE{police-encounters,
	author = "Robert A. Brown and James Frank",
	title = {\href{https://journals.sagepub.com/doi/abs/10.1177/10986111211057212?journalCode=pqxa}{Police‚Äêcitizen encounters and field citations: Do encounter characteristics influence ticketing?}},
	journal="Policing: an International Journal",
	year = "2005",
	month= "September",
	publisher = "Emerald Group Publishing Limited"
}

@misc{LAPD-PDI,
    title =  {\href{https://data.lacity.org/Public-Safety/Arrest-Data-from-2010-to-2019/yru6-6re4}{Arrest Data from 2010 to 2019}}
}

@misc{NYPD-PDI,
      title = {\href{https://data.cityofnewyork.us/Public-Safety/NYPD-Arrests-Data-Historic-/8h9b-rp9u}{NYPD Arrests Data (Historic)}}
}

@misc{white-house-police-data-initiative,
    title = {\href{https://obamawhitehouse.archives.gov/blog/2015/05/18/launching-police-data-initiative}{Launching the Police Data Initiative}},
    author = "Megan Smith and Roy L. Austin, Jr.",
    year = "2015", 
    month = "May"
}


@ARTICLE{auto-banish,
	author = "Stop LAPD Spying Coalition",
	title = {\href{https://automatingbanishment.org/assets/AUTOMATING-BANISHMENT.pdf}{Automating Banishment: The Surveillance and Policing of Looted Land}},
	year = "2021",
	month = "November",
	publisher = "Stop LAPD Spying Coalition"
}

@misc{github,
 author = {Marchelle Beougher and Miles Mena},
  title = {\href{https://github.com/MilesMena/Policing-Report}{MilesMena Policing-Report}},
  year = {2022},
  publisher = {GitHub},
  journal = {GitHub repository},
   url = {https://github.com/MilesMena/Policing-Report}


}